@book{libro,
  author={Alguien},
  title={Sobre el tema}, 
  publisher={Alguna editorial importante},
  year=2020
}

@article{dorigo2006ant,
  title={Ant colony optimization},
  author={Dorigo, Marco and Birattari, Mauro and Stutzle, Thomas},
  journal={IEEE computational intelligence magazine},
  volume={1},
  number={4},
  pages={28--39},
  year={2006},
  publisher={IEEE}
}
@article{stoler1997between,
  title={Between metropole and colony},
  author={Stoler, Ann Laura and Cooper, Frederick},
  journal={Tensions of empire: Colonial cultures in a bourgeois world},
  pages={1--56},
  year={1997},
  publisher={University of California Press Berkeley, CA}
}