@misc{dra,
author={E. Schaeffer},
year=2020,
title={Práctica 9: interacciones entre partículas},
url={https://elisa.dyndns-web.com/teaching/comp/par/p9.html}
}

@misc{R,
author={The {R} {F}oundation},
year=2020,
title={The {R} {P}roject for {S}tatistical {C}omputing},
url={https://www.r-project.org/}
}

@misc{ang,
author={A. Moreno},
year=2018,
title={Interacciones entre partículas},
url={https://github.com/angisabel44/Simulacion/blob/master/Homework9/p9.R}
}

@misc{psy,
author={W. Revelle},
year=2020,
title={Package `psych'},
url={https://cran.r-project.org/web/packages/psych/psych.pdf}
}