@misc{dra,
author={E. Schaeffer},
year=2020,
title={Pr치ctica 1: Movimiento {B}rowniano},
url={https://elisa.dyndns-web.com/teaching/comp/par/p1.html}
}

@UNPUBLISHED{codigo,
author={E. Schaeffer},
year=2020,
title={C칩digo de Pr치ctica 1, tiempo de regreso al origen.},
note={Por comunicaci칩n personal}
}

@misc{R,
author={The {R} {F}oundation},
year=2020,
title={The {R} {P}roject for {S}tatistical {C}omputing},
url={https://www.r-project.org/}
}