@misc{dra,
author={E. Schaeffer},
year=2020,
title={Pr√°ctica 6: sistema multiagente},
url={https://elisa.dyndns-web.com/teaching/comp/par/p6.html}
}

@misc{R,
author={The {R} {F}oundation},
year=2020,
title={The {R} {P}roject for {S}tatistical {C}omputing},
url={https://www.r-project.org/}
}