@misc{dra,
author={E. Schaeffer},
year=2020,
title={Práctica 7: búsqueda local},
url={https://elisa.dyndns-web.com/teaching/comp/par/p7.html}
}

@misc{R,
author={The {R} {F}oundation},
year=2020,
title={The {R} {P}roject for {S}tatistical {C}omputing},
url={https://www.r-project.org/}
}

@misc{gif,
author={Ezgif},
year=2020,
title={Animated {GIF} {M}aker},
url={https://ezgif.com/maker}
}

@misc{clara,
author={C. Téllez},
year=2020,
title={Código de práctica 7},
url={https://github.com/claratepa/Simulacion/blob/master/Practica7/Pr7sim.R}
}

@misc{ric,
author={R. Parga},
year=2018,
title={Práctica 7: código de reto 2},
url={https://github.com/RParga/R-simulation/blob/master/p7/r2.R}
}