@misc{dra,
author={E. Schaeffer},
year=2020,
title={Práctica 5: método Monte-Carlo},
url={https://elisa.dyndns-web.com/teaching/comp/par/p5.html}
}

@misc{R,
author={The {R} {F}oundation},
year=2020,
title={The {R} {P}roject for {S}tatistical {C}omputing},
url={https://www.r-project.org/}
}

@misc{mc,
author={W. Kurt},
year=2015,
title={Monte {C}arlo {S}imulations in {R}},
url={https://www.countbayesie.com/blog/2015/3/3/monte-carlo-simulations}
}

@misc{cc,
author={Coca {C}ola {C}ompany},
year=2010,
title={Coca {C}ola {L}ogo},
url={https://upload.wikimedia.org/wikipedia/commons/c/cb/Coca-Cola-Logo.jpg}
}

@misc{color,
author={H. Weller},
year=2019,
title={Introduction to countcolors package},
url={https://cran.r-project.org/web/packages/countcolors/vignettes/Introduction.html}
}

@misc{wolf,
author={Wolfram {A}lpha},
year=2020,
url={https://www.wolframalpha.com/}
}