@misc{dra,
author={E. Schaeffer},
year=2020,
title={Práctica 3: teoría de colas},
url={https://elisa.dyndns-web.com/teaching/comp/par/p3.htmll}
}

@misc{R,
author={The {R} {F}oundation},
year=2020,
title={The {R} {P}roject for {S}tatistical {C}omputing},
url={https://www.r-project.org/}
}

@misc{clara,
author={C. Téllez},
year=2020,
title={Código de práctica 3},
url={https://github.com/claratepa/Simulacion/blob/master/Practica3/pr3sim.R}
}