@misc{R,
author={The {R} {F}oundation},
year=2020,
title={The {R} {P}roject for {S}tatistical {C}omputing},
url={https://www.r-project.org/}
}

@misc{python,
author={Python {S}oftware {F}oundation},
year=2020,
title={Python {L}anguage {R}eference, version 2.7},
url={https://www.python.org/}
}

@article{de2012,
  title={Do natural proteins differ from random sequences polypeptides? Natural vs. random proteins classification using an evolutionary neural network},
  author={De Lucrezia, Davide and Slanzi, Debora and Poli, Irene and Polticelli, Fabio and Minervini, Giovanni},
  journal={PLoS One},
  volume={7},
  number={5},
  pages={e36634},
  year={2012},
  publisher={Public Library of Science}
}

@article{haas2013,
  title={The Protein Model Portalâ€”a comprehensive resource for protein structure and model information},
  author={Haas, Juergen and Roth, Steven and Arnold, Konstantin and Kiefer, Florian and Schmidt, Tobias and Bordoli, Lorenza and Schwede, Torsten},
  journal={Database},
  volume={2013},
  year={2013},
  publisher={Narnia}
}

@incollection{blaszczy,
  title={Coarse-grained protein models in structure prediction},
  author={Blaszczyk, Maciej and Gront, Dominik and Kmiecik, Sebastian and Ziolkowska, Katarzyna and Panek, Marta and Kolinski, Andrzej},
  booktitle={Computational Methods to Study the Structure and Dynamics of Biomolecules and Biomolecular Processes},
  pages={25--53},
  year={2014},
  publisher={Springer}
}

@article{kmiecik,
  title={Coarse-grained protein models and their applications},
  author={Kmiecik, Sebastian and Gront, Dominik and Kolinski, Michal and Wieteska, Lukasz and Dawid, Aleksandra Elzbieta and Kolinski, Andrzej},
  journal={Chemical reviews},
  volume={116},
  number={14},
  pages={7898--7936},
  year={2016},
  publisher={ACS Publications}
}

@book{voth2008,
  title={Coarse-graining of condensed phase and biomolecular systems},
  author={Voth, Gregory A},
  year={2008},
  publisher={CRC press}
}

@article{marrink2007,
  title={The MARTINI force field: coarse grained model for biomolecular simulations},
  author={Marrink, Siewert J and Risselada, H Jelger and Yefimov, Serge and Tieleman, D Peter and De Vries, Alex H},
  journal={The journal of physical chemistry B},
  volume={111},
  number={27},
  pages={7812--7824},
  year={2007},
  publisher={ACS Publications}
}

@article{monticelli2008,
  title={The MARTINI coarse-grained force field: extension to proteins},
  author={Monticelli, Luca and Kandasamy, Senthil K and Periole, Xavier and Larson, Ronald G and Tieleman, D Peter and Marrink, Siewert-Jan},
  journal={Journal of chemical theory and computation},
  volume={4},
  number={5},
  pages={819--834},
  year={2008},
  publisher={ACS Publications}
}

@article{ubiquitina,
  title={Structure of ubiquitin refined at 1.8 {\AA}resolution},
  author={Vijay-Kumar, Senadhi and Bugg, Charles E and Cook, William J},
  journal={Journal of molecular biology},
  volume={194},
  number={3},
  pages={531--544},
  year={1987},
  publisher={Elsevier}
}

@incollection{BERTICS2014184,
title = "11 - Signal Transduction",
editor = "N. Franklin Adkinson and Bruce S. Bochner and A. Wesley Burks and William W. Busse and Stephen T. Holgate and Robert F. Lemanske and Robyn E. O'Hehir",
booktitle = "Middleton's Allergy (Eighth Edition)",
publisher = "W.B. Saunders",
edition = "Eighth Edition",
address = "London",
pages = "184 - 202",
year = "2014",
isbn = "978-0-323-08593-9",
doi = "https://doi.org/10.1016/B978-0-323-08593-9.00012-7",
url = "http://www.sciencedirect.com/science/article/pii/B9780323085939000127",
author = "Paul J. Bertics and Cynthia J Koziol-White and Monica L. Gavala and Gregory J. Wiepz"
}

@article{brancolini2012docking,
  title={Docking of ubiquitin to gold nanoparticles},
  author={Brancolini, Giorgia and Kokh, Daria B and Calzolai, Luigi and Wade, Rebecca C and Corni, Stefano},
  journal={ACS nano},
  volume={6},
  number={11},
  pages={9863--9878},
  year={2012},
  publisher={ACS Publications}
}

@article{calzolai2010protein,
  title={Protein- nanoparticle interaction: identification of the ubiquitin- gold nanoparticle interaction site},
  author={Calzolai, Luigi and Franchini, Fabio and Gilliland, Douglas and Rossi, Fran{\c{c}}ois},
  journal={Nano letters},
  volume={10},
  number={8},
  pages={3101--3105},
  year={2010},
  publisher={ACS Publications}
}

@article{ding2013direct,
  title={Direct observation of a single nanoparticle--ubiquitin corona formation},
  author={Ding, Feng and Radic, Slaven and Chen, Ran and Chen, Pengyu and Geitner, Nicholas K and Brown, Jared M and Ke, Pu Chun},
  journal={Nanoscale},
  volume={5},
  number={19},
  pages={9162--9169},
  year={2013},
  publisher={Royal Society of Chemistry}
}

@misc{gromacs,
  author       = {Lindahl and
                  Abraham and
                  Hess and
                  van der Spoel},
  title        = {GROMACS 2020.1 Manual},
  month        = mar,
  year         = 2020,
  publisher    = {Zenodo},
  version      = {2020.1},
  doi          = {10.5281/zenodo.3685920},
  url          = {https://doi.org/10.5281/zenodo.3685920}
}

@article{martinize,
  title={Improved parameters for the martini coarse-grained protein force field},
  author={de Jong, Djurre H and Singh, Gurpreet and Bennett, WF Drew and Arnarez, Clement and Wassenaar, Tsjerk A and Schafer, Lars V and Periole, Xavier and Tieleman, D Peter and Marrink, Siewert J},
  journal={Journal of chemical theory and computation},
  volume={9},
  number={1},
  pages={687--697},
  year={2013},
  publisher={ACS Publications},
url={http://www.cgmartini.nl/images/stories/tutorial/2017/protein-tutorial-v2016.3/soluble-protein/ubiquitin/martini/martinize.py}
}

@misc{jmol,
author={Jmol development team},
year=2020,
title={Jmol: an open-source Java viewer for chemical structures in 3D},
url={http://www.jmol.org/}
}

@article{proteina,
  title={P{DB} {ID}: 1{UBQ}},
  author={Vijay-Kumar, Senadhi and Bugg, Charles E and Cook, William J},
  journal={Journal of molecular biology},
  volume={194},
  number={3},
  pages={531--544},
  year={1987},
  publisher={Elsevier},
url={https://www.rcsb.org/structure/1UBQ}
}

@article{spoel,
  title={Structure and dynamics of peptides: theoretical aspects of protein folding},
  author={van der Spoel, David},
  year={1996}
}

@article{simuubq,
  title={Molecular dynamics simulations of the native and partially folded states of ubiquitin: Influence of methanol cosolvent, pH, and temperature on the protein structure and dynamics},
  author={Kony, David B and H{\"u}nenberger, Philippe H and Van Gunsteren, Wilfred F},
  journal={Protein science},
  volume={16},
  number={6},
  pages={1101--1118},
  year={2007},
  publisher={Wiley Online Library}
}

@article{conserva,
  title={Measuring and comparing structural fluctuation patterns in large protein datasets},
  author={Fuglebakk, Edvin and Echave, Juli{\'a}n and Reuter, Nathalie},
  journal={Bioinformatics},
  volume={28},
  number={19},
  pages={2431--2440},
  year={2012},
  publisher={Oxford University Press}
}

@article{sales,
  title={Analysis of effects of salts and uncharged solutes on protein and nucleic acid equilibria and processes: a practical guide to recognizing and interpreting polyelectrolyte effects, Hofmeister effects, and osmotic effects of salts.},
  author={Record Jr, M Thomas and Zhang, Wentao and Anderson, Charles F},
  journal={Advances in protein chemistry},
  volume={51},
  pages={281},
  year={1998}
}

@article{loops,
  title={Loops in globular proteins: a novel category of secondary structure},
  author={Leszczynski, Jacquelyn F and Rose, George D},
  journal={Science},
  volume={234},
  number={4778},
  pages={849--855},
  year={1986},
  publisher={American Association for the Advancement of Science}
}

@misc{fluctuacion,
author={Kiyoshi,Yagi},
year=2016,
title={Root-mean-square fluctuation (RMSF)},
url={https://www.r-ccs.riken.jp/labs/cbrt/tutorial/analysis-tutorials/tutorial-4-3/}
}