@misc{dra,
author={E. Schaeffer},
year=2020,
title={Pr√°ctica 11: frentes de {P}areto},
url={https://elisa.dyndns-web.com/teaching/comp/par/p11.html}
}

@misc{R,
author={The {R} {F}oundation},
year=2020,
title={The {R} {P}roject for {S}tatistical {C}omputing},
url={https://www.r-project.org/}
}

@misc{ric,
author={R. Rosas},
year=2019,
title={Frentes de {P}areto},
url={https://github.com/RicardoRosMac/NanoSimulation/blob/master/HWP11}
}

@misc{gg,
author={H. Wickham},
year=2020,
title={Package ggplot2},
url={https://cran.r-project.org/web/packages/ggplot2/ggplot2.pdf}
}